@misc{noisyLabel_2021, title={How noisy Labels impact machine learning models}, url={https://www.kdnuggets.com/2021/04/imerit-noisy-labels-impact-machine-learning.html}, journal={KDnuggets}, author={-, iMerit}, year={2021}, month={Apr}} 
@misc{martin_2018, title={MNIST with ensemble methods}, url={https://www.kaggle.com/grrddm/mnist-with-ensemble-methods}, journal={Kaggle}, publisher={Kaggle}, author={Martin, Gerardo  Duran}, year={2018}, month={Mar}} 
@misc{mujtaba_2021, title={What is gradient boosting and How is it different FROM ADABOOST?}, url={https://www.mygreatlearning.com/blog/gradient-boosting/}, journal={GreatLearning Blog: Free Resources what Matters to shape your Career!}, author={Mujtaba, Hussain}, year={2021}, month={Mar}} 
@misc{rocca_2021, title={Ensemble methods: Bagging, boosting and stacking}, url={https://towardsdatascience.com/ensemble-methods-bagging-boosting-and-stacking-c9214a10a205}, journal={Medium}, publisher={Towards Data Science}, author={Rocca, Joseph}, year={2021}, month={Mar}} 
@misc{wikipedia_2021, title={Boosting (machine learning)}, url={https://en.wikipedia.org/wiki/Boosting_(machine_learning)#/media/File:Ensemble_Boosting.svg}, journal={Wikipedia}, publisher={Wikimedia Foundation}, year={2021}, month={Jul}}
@misc{rolnick_veit_belongie_shavit_2018, title={Deep learning is robust to massive label noise}, url={https://arxiv.org/abs/1705.10694}, journal={arXiv.org}, author={Rolnick, David and Veit, Andreas and Belongie, Serge and Shavit, Nir}, year={2018}, month={Feb}} 

@misc{Wikipedia_2021_ensemble, title={Ensemble learning}, url={https://en.wikipedia.org/wiki/Ensemble_learning}, journal={Wikipedia}, publisher={Wikimedia Foundation}, author={-, Wikipedia}, year={2021}, month={Sep}} 
@misc{chen_guestrin_2016, title={Xgboost: A scalable tree boosting system}, url={https://arxiv.org/abs/1603.02754}, journal={arxiv }, publisher={ACM}, author={Chen, Tianqi and Guestrin, Carlos}, year={2016}, month={Jun}} 
@misc{Zhang2012EnsembleML,
  title={Ensemble Machine Learning: Methods and Applications},
  author={Cha Zhang and Yunqian Ma},
  year={2012}
}
@misc{morde_2019, title={Xgboost algorithm: Long may she reign!}, url={https://towardsdatascience.com/https-medium-com-vishalmorde-xgboost-algorithm-long-she-may-rein-edd9f99be63d}, journal={Medium}, publisher={Towards Data Science}, author={Morde, Vishal}, year={2019}, month={Apr}} 

@misc{frank_rebbapragada_bialas_oommen_havens_2017, title={Effect of label noise on the machine-learned classification of earthquake damage}, url={https://digitalcommons.mtu.edu/michigantech-p/924}, journal={Digital Commons @ Michigan Tech}, publisher={Michigan Tech}, author={Frank, Jared and Rebbapragada, Umaa and Bialas, James and Oommen, Thomas and Havens, Timothy C}, year={2017}, month={Apr}} 

@misc{wikiEnsemble,
   author = "Wikimedia Commons",
   title = "File:Ensemble Boosting.svg --- Wikimedia Commons{,} the free media repository",
   year = "2020",
   url = "https://commons.wikimedia.org/w/index.php?title=File:Ensemble_Boosting.svg&oldid=505336553",
   note = "[Online; accessed 8-September-2021]"
}

@misc{enwiki:1035329027,
    author = "{Wikipedia contributors}",
    title = "XGBoost --- {Wikipedia}{,} The Free Encyclopedia",
    year = "2021",
    url = "https://en.wikipedia.org/w/index.php?title=XGBoost&oldid=1035329027",
    note = "[Online; accessed 8-September-2021]"
}

@misc{wiki:bagging,
   author = "Wikimedia Commons",
   title = "File:Ensemble Bagging.svg --- Wikimedia Commons{,} the free media repository",
   year = "2020",
   url = "https://commons.wikimedia.org/w/index.php?title=File:Ensemble_Bagging.svg&oldid=504660847",
   note = "[Online; accessed 8-September-2021]"
 }


@misc{randomForest,
   author = "Wikimedia Commons",
   title = "File:Random forest diagram complete.png --- Wikimedia Commons{,} the free media repository",
   year = "2021",
   url = "https://commons.wikimedia.org/w/index.php?title=File:Random_forest_diagram_complete.png&oldid=558012224",
   note = "[Online; accessed 8-September-2021]"
}

@misc{enwiki:1035329027,
    author = "{Wikipedia contributors}",
    title = "XGBoost --- {Wikipedia}{,} The Free Encyclopedia",
    year = "2021",
    url = "https://en.wikipedia.org/w/index.php?title=XGBoost&oldid=1035329027",
    note = "[Online; accessed 8-September-2021]"
}


@misc{enwiki:1014793182,
    author = "{Wikipedia contributors}",
    title = "CIFAR-10 --- {Wikipedia}{,} The Free Encyclopedia",
    year = "2021",
    url = "https://en.wikipedia.org/w/index.php?title=CIFAR-10&oldid=1014793182",
    note = "[Online; accessed 8-September-2021]"
}


@misc{enwiki:1039756601,
    author = "{Wikipedia contributors}",
    title = "MNIST database --- {Wikipedia}{,} The Free Encyclopedia",
    year = "2021",
    url = "https://en.wikipedia.org/w/index.php?title=MNIST_database&oldid=1039756601",
    note = "[Online; accessed 8-September-2021]"
}
